@article{Benhar,
      author         = "Benhar, Omar and Coletti, Pietro and Meloni, Davide",
      title          = "{Electroweak nuclear response in quasi-elastic regime}",
      journal        = "Phys. Rev. Lett.",
      volume         = "105",
      year           = "2010",
      pages          = "132301",
      doi            = "10.1103/PhysRevLett.105.132301",
      eprint         = "1006.4783",
      archivePrefix  = "arXiv",
      primaryClass   = "nucl-th",
      SLACcitation   = "%%CITATION = ARXIV:1006.4783;%%"
}

@article{nustec,
      author         = "Alvarez-Ruso, L. and others",
      title          = "{NuSTEC White Paper: Status and Challenges of
                        Neutrino-Nucleus Scattering}",
      year           = "2017",
      eprint         = "1706.03621",
      archivePrefix  = "arXiv",
      primaryClass   = "hep-ph",
      reportNumber   = "FERMILAB-PUB-17-195-ND-T, INT-PUB-17-020",
      SLACcitation   = "%%CITATION = ARXIV:1706.03621;%%"
}

@article{LAPPDtiming,
title = "Timing characteristics of Large Area Picosecond Photodetectors",
journal = "Nuclear Instruments and Methods in Physics Research Section A: Accelerators, Spectrometers, Detectors and Associated Equipment",
volume = "795",
number = "",
pages = "1 - 11",
year = "2015",
note = "",
issn = "0168-9002",
doi = "http://dx.doi.org/10.1016/j.nima.2015.05.027",
url = "http://www.sciencedirect.com/science/article/pii/S0168900215006592",
author = "B.W. Adams and A. Elagin and H.J. Frisch and R. Obaid and E. Oberla and A. Vostrikov and R.G. Wagner and J. Wang and M. Wetstein",
keywords = "MCP",
keywords = "TTS",
keywords = "LAPPD",
keywords = "Picosecond",
keywords = "Large area",
keywords = "Photodetector"
}


@inproceedings{EGADS,
      key            = "1352414",
      author         = "Magro, Lluís Martí",
      title          = "{Evaluating gadolinium for use in Super-Kamiokande}",
      booktitle      = "{Proceedings,  	 32nd International Cosmic Ray Conference
                        (ICRC 2011): Beijing, China, August 11-18, 2011}",
      url            = "https://inspirehep.net/record/1352414/files/v4_0966.pdf",
      volume         = "4",
      pages          = "234",
      doi            = "10.7529/ICRC2011/V04/0966",
      SLACcitation   = "%%CITATION = INSPIRE-1352414;%%"
}

@article{Xu:2016cfv,
      author         = "Xu, Chenyuan",
      title          = "{Current status of SK-Gd project and EGADS}",
      booktitle      = "{Proceedings, 14th International Conference on Topics in
                        Astroparticle and Underground Physics (TAUP 2015): Torino,
                        Italy, September 7-11, 2015}",
      collaboration  = "Super-Kamiokande",
      journal        = "J. Phys. Conf. Ser.",
      volume         = "718",
      year           = "2016",
      number         = "6",
      pages          = "062070",
      doi            = "10.1088/1742-6596/718/6/062070",
      SLACcitation   = "%%CITATION = 00462,718,062070;%%"
}


@article{palamara,
	author	=	"O. Palamara",
    collaboration = "ArgoNeut",
    title	=	" Detection of Short Range Correlated nucleon pairs in charged-current neutrino interactions at ArgoNeuT",
	journal = "Fermilab Joint Experimental-Theoretical Physics Seminar (Oct 3)",
    year	=	"2014",
    url = "http://theory.fnal.gov/jetp/jetp2014/"
}

@article{Martini,
      author         = "Martini, M. and Ericson, M. and Chanfray, G. and Marteau,
                        J.",
      title          = "{Neutrino and antineutrino quasielastic interactions with
                        nuclei}",
      journal        = "Phys. Rev.",
      volume         = "C81",
      year           = "2010",
      pages          = "045502",
      doi            = "10.1103/PhysRevC.81.045502",
      eprint         = "1002.4538",
      archivePrefix  = "arXiv",
      primaryClass   = "hep-ph",
      reportNumber   = "CERN-PH-TH-2010-046, LYCEN-2010-03",
      SLACcitation   = "%%CITATION = ARXIV:1002.4538;%%"
}

@article{Nieves,
title = "The nucleon axial mass and the MiniBooNE quasielastic neutrino–nucleus scattering problem ",
journal = "Physics Letters B ",
volume = "707",
number = "1",
pages = "72 - 75",
year = "2012",
note = "",
issn = "0370-2693",
doi = "https://doi.org/10.1016/j.physletb.2011.11.061",
url = "http://www.sciencedirect.com/science/article/pii/S0370269311014407",
author = "J. Nieves and I. Ruiz Simo and M.J. Vicente Vacas",
}



@article{Minerva2p2h,
      author         = "Rodrigues, P. A. and others",
      title          = "{Identification of nuclear effects in neutrino-carbon
                        interactions at low three-momentum transfer}",
      collaboration  = "MINERvA",
      journal        = "Phys. Rev. Lett.",
      volume         = "116",
      year           = "2016",
      pages          = "071802",
      doi            = "10.1103/PhysRevLett.116.071802",
      eprint         = "1511.05944",
      archivePrefix  = "arXiv",
      primaryClass   = "hep-ex",
      reportNumber   = "FERMILAB-PUB-15-498-ND",
      SLACcitation   = "%%CITATION = ARXIV:1511.05944;%%"
}

@article{MB1,
  title = {First measurement of the muon neutrino charged current quasielastic double differential cross section},
  author = {Aguilar-Arevalo and others},
  collaboration = {MiniBooNE Collaboration},
  journal = {Phys. Rev. D},
  volume = {81},
  issue = {9},
  pages = {092005},
  numpages = {22},
  year = {2010},
  month = {May},
  publisher = {American Physical Society},
  doi = {10.1103/PhysRevD.81.092005},
  url = {https://link.aps.org/doi/10.1103/PhysRevD.81.092005}
}


@article{MB2,
  title = {First measurement of the muon antineutrino double-differential charged-current quasielastic cross section},
  author = {Aguilar-Arevalo and others},
  collaboration = {MiniBooNE Collaboration},
  journal = {Phys. Rev. D},
  volume = {88},
  issue = {3},
  pages = {032001},
  numpages = {31},
  year = {2013},
  month = {Aug},
  publisher = {American Physical Society},
  doi = {10.1103/PhysRevD.88.032001},
  url = {https://link.aps.org/doi/10.1103/PhysRevD.88.032001}
}


@article{oscillationsE,
      author         = "Martini, M. and Ericson, M. and Chanfray, G.",
      title          = "{Energy reconstruction effects in neutrino oscillation
                        experiments and implications for the analysis}",
      journal        = "Phys. Rev.",
      volume         = "D87",
      year           = "2013",
      number         = "1",
      pages          = "013009",
      doi            = "10.1103/PhysRevD.87.013009",
      eprint         = "1211.1523",
      archivePrefix  = "arXiv",
      primaryClass   = "hep-ph",
      reportNumber   = "CERN-PH-TH-2012-296",
      SLACcitation   = "%%CITATION = ARXIV:1211.1523;%%"
}

@article{oscillationsE2,
      author         = "Mosel, Ulrich and Lalakulich, Olga and Gallmeister, Kai",
      title          = "{Energy reconstruction in the Long-Baseline Neutrino
                        Experiment}",
      journal        = "Phys. Rev. Lett.",
      volume         = "112",
      year           = "2014",
      pages          = "151802",
      doi            = "10.1103/PhysRevLett.112.151802",
      eprint         = "1311.7288",
      archivePrefix  = "arXiv",
      primaryClass   = "nucl-th",
      SLACcitation   = "%%CITATION = ARXIV:1311.7288;%%"
}


@article{FNALPAC,
      author         = "Anghel, I. and others",
      title          = "{Letter of Intent: The Accelerator Neutrino Neutron
                        Interaction Experiment (ANNIE)}",
      collaboration  = "ANNIE",
      year           = "2015",
      eprint         = "1504.01480",
      archivePrefix  = "arXiv",
      primaryClass   = "physics.ins-det",
      reportNumber   = "FERMILAB-LOI-1063",
      SLACcitation   = "%%CITATION = ARXIV:1504.01480;%%"
}

@article{Barros:2015pjt,
      author         = "Barros, N. and Kaptanoglu, T. and Kimelman, B. and Klein,
                        J. R. and Moore, E. and Nguyen, J. and Stavreva, K. and
                        Svoboda, R.",
      title          = "{Characterization of the ETEL D784UKFLB 11 in.
                        photomultiplier tube}",
      journal        = "Nucl. Instrum. Meth.",
      volume         = "A852",
      year           = "2017",
      pages          = "15-19",
      doi            = "10.1016/j.nima.2017.01.067",
      eprint         = "1512.06916",
      archivePrefix  = "arXiv",
      primaryClass   = "physics.ins-det",
      SLACcitation   = "%%CITATION = ARXIV:1512.06916;%%"
}

@article{Dazeley:2015uyd,
      author         = "Dazeley, S. and Askins, M. and Bergevin, M. and
                        Bernstein, A. and Bowden, N. S. and Shokair, T. M. and
                        Jaffke, P. and Rountree, S. D. and Sweany, M.",
      title          = "{A search for cosmogenic production of $\beta$-neutron
                        emitting radionuclides in water}",
      journal        = "Nucl. Instrum. Meth.",
      volume         = "A821",
      year           = "2016",
      pages          = "151-159",
      doi            = "10.1016/j.nima.2016.03.014",
      eprint         = "1512.00794",
      archivePrefix  = "arXiv",
      primaryClass   = "nucl-ex",
      reportNumber   = "LLNL-JRNL-677613",
      SLACcitation   = "%%CITATION = ARXIV:1512.00794;%%"
}

@inproceedings{Reyna:2011qxa,
      author         = "Reyna, D. and Bernstein, A. and Lund, J. and Kiff, S. and
                        Cabrera-Palmer, B. and Bowden, N. S. and Dazeley, S. and
                        Keefer, G.",
      title          = "{Advances toward a transportable antineutrino detector
                        system for reactor monitoring and safeguards}",
      booktitle      = "{Proceedings, 2nd International Conference on
                        Advancements in Nuclear Instrumentation, Measurement
                        Methods and their Applications (ANIMMA 2011): Ghent,
                        Belgium, June 6-9, 2011}",
      year           = "2011",
      doi            = "10.1109/ANIMMA.2011.6172887",
      SLACcitation   = "%%CITATION = INSPIRE-1232286;%%"
}


@article{LeeSkyshine,
	title = "Observation of the reaction +p+p",
	author = "W. Lee and others",
	year = "1976",
	doi = "10.1103/PhysRevLett.37.186",
	volume = "37",
	pages = "186--189",
	journal = "Physical Review Letters",
	issn = "0031-9007",
	publisher = "American Physical Society",
	number = "4",
}


@article{msu-skyshine,
      author        = "Mukherjee, B and Ronningen, R M and Grivins, P and Rossi,
                       P",
      title         = "{Further Evaluation of Neutron Skyshine Dose in Vicinity
                       of the K1200 Superconducting Cyclotron of the NSCL Using
                       Bubble Dosimeters}",
      pages			= "108--110",
      year          = "2001",
      url           = "https://cds.cern.ch/record/916284",
}

@article{Takeiskyshine,
	author	=	"H. Takei",
	title	=	"Identification of Recoil Proton Tracks for a Neutrino Neutral Current Elastic Scattering Cross-Section Measurement at SciBooNE",
    collaboration  = "SciBooNE",
	note	=	"Talk at the 2008 Meeting of the American Physical Society"
}

@article{ransometalk,
	author	=	"R. Ransome",
	title	=	"Pion Absorption in Nuclei",
	note	=	"Talk at INT 2013, \url{http://www.int.washington.edu/talks/WorkShops/int_13_54W/People/Ransome_R/Ransome.pdf"}" 
}


@misc{hill,
		note	=	"Collaboration with Richard Hill (UC) and student, Carlos Blanco."
}

@article{FSneutrons,
      author         = "Beacom, John F. and Vagins, Mark R.",
      title          = "{GADZOOKS! Anti-neutrino spectroscopy with large water
                        Cherenkov detectors}",
      journal        = "Phys. Rev. Lett.",
      volume         = "93",
      year           = "2004",
      pages          = "171101",
      doi            = "10.1103/PhysRevLett.93.171101",
      eprint         = "hep-ph/0309300",
      archivePrefix  = "arXiv",
      primaryClass   = "hep-ph",
      reportNumber   = "FERMILAB-PUB-03-249-A",
      SLACcitation   = "%%CITATION = HEP-PH/0309300;%%"
}

@misc{ej-335,
	author	=	"Eljen Technology",
	title	=	"{GADOLINIUM LOADED EJ-331, EJ-335}",	
	year	=	"2016",
	note	=	"\url{http://www.eljentechnology.com/index.php/products/liquid-scintillators/ej-331-ej-335}"
}

@article{Hiraide:2008eu,
      author         = "Hiraide, K. and others",
      title          = "{Search for Charged Current Coherent Pion Production on
                        Carbon in a Few-GeV Neutrino Beam}",
      collaboration  = "SciBooNE",
      journal        = "Phys. Rev.",
      volume         = "D78",
      year           = "2008",
      pages          = "112004",
      doi            = "10.1103/PhysRevD.78.112004",
      eprint         = "0811.0369",
      archivePrefix  = "arXiv",
      primaryClass   = "hep-ex",
      reportNumber   = "FERMILAB-PUB-08-506-E",
      SLACcitation   = "%%CITATION = ARXIV:0811.0369;%%"
}

@misc{FNALPAC2,
	title	=	"Recommendations of the Fermilab Physics Advisory Committee, January 15-17, 2015"
}

@misc{LAPPD,
	title	=	"The Large Area Picosecond Photodetector Collaboration: http://psec.uchicago.edu"
}

@misc{Frost1,
title = "{FROntiers in Scintillation Technology (FROST), FNAL, March 18-20}",	
	year	=	"2016",
	note	=	"\url{https://indico.fnal.gov/conferenceDisplay.py?confId=10355}"
}

@misc{Frost2,
title = "{FROntiers in Scintillation Technology (FROST), Topical Workshop for Theia, Mainz, October 22-24}",	
	year	=	"2016",
	note	=	"\url{https://indico.mitp.uni-mainz.de/event/83/}"
}

@misc{Frost3,
title = "{Theia Workshop, DESY, March 22-24}",	
	year	=	"2017",
	note	=	"\url{https://indico.desy.de/conferenceDisplay.py?ovw=True&confId=16998}"
}



@article{Ossy,
author={O. H. W. Siegmund and J. B. McPhate and S. R. Jelinsky and J. V. Vallerga and A. S. Tremsin and R. Hemphill and H. J. Frisch and R. G. Wagner and J. Elam and A. Mane},
journal={IEEE Transactions on Nuclear Science},
title={Large Area Microchannel Plate Imaging Event Counting Detectors With Sub-Nanosecond Timing},
year={2013},
volume={60},
number={2},
pages={923-931},
keywords={microchannel plates;optical sensors;photocathodes;photodetectors;phototubes;scintillation counters;MCP;bialkali photocathodes;borofloat-33 windows compatible;borosilicate microcapillary arrays;charge extraction;counting detectors;large sealed tube device;low intrinsic background;microchannel plate imaging event;photon event;quantum efficiency;sealed tube optical detector;subnanosecond timing;time stamping;very stable gain behavior;Cathodes;Detectors;Electron tubes;Gallium nitride;Imaging;Microchannels;Substrates;Ionizing radiation sensors;photodetectors;radiation detectors;sensors},
doi={10.1109/TNS.2013.2252364},
ISSN={0018-9499},
month={April},}

@article{8inchtiming,
title = "Timing characteristics of Large Area Picosecond Photodetectors ",
journal = "Nuclear Instruments and Methods in Physics Research Section A: Accelerators, Spectrometers, Detectors and Associated Equipment ",
volume = "795",
number = "",
pages = "1 - 11",
year = "2015",
note = "",
issn = "0168-9002",
doi = "https://doi.org/10.1016/j.nima.2015.05.027",
url = "http://www.sciencedirect.com/science/article/pii/S0168900215006592",
author = "B.W. Adams and A. Elagin and H.J. Frisch and R. Obaid and E. Oberla and A. Vostrikov and R.G. Wagner and J. Wang and M. Wetstein",
keywords = "MCP",
keywords = "TTS",
keywords = "LAPPD",
keywords = "Picosecond",
keywords = "Large area",
keywords = "Photodetector "
}

@article{Oberla:2013mra,
      author         = "Oberla, Eric and Genat, Jean-Francois and Grabas, Herve
                        and Frisch, Henry and Nishimura, Kurtis and Varner, Gary",
      title          = "{A 15 GSa/s, 1.5 GHz bandwidth waveform digitizing ASIC}",
      journal        = "Nucl. Instrum. Meth.",
      volume         = "A735",
      year           = "2014",
      pages          = "452-461",
      doi            = "10.1016/j.nima.2013.09.042",
      eprint         = "1309.4397",
      archivePrefix  = "arXiv",
      primaryClass   = "physics.ins-det",
      SLACcitation   = "%%CITATION = ARXIV:1309.4397;%%"
}

@article{anodepaper,
title = "\{RF\} strip-line anodes for Psec large-area MCP-based photodetectors ",
journal = "Nuclear Instruments and Methods in Physics Research Section A: Accelerators, Spectrometers, Detectors and Associated Equipment ",
volume = "711",
number = "",
pages = "124 - 131",
year = "2013",
note = "",
issn = "0168-9002",
doi = "https://doi.org/10.1016/j.nima.2013.01.055",
url = "http://www.sciencedirect.com/science/article/pii/S0168900213001472",
author = "Hervé Grabas and Razib Obaid and Eric Oberla and Henry Frisch and Jean-Francois Genat and Richard Northrop and Fukun Tang and David McGinnis and Bernhard Adams and Matthew Wetstein",
keywords = "Photodetector",
keywords = "Anode",
keywords = "Microstrip",
keywords = "Microchannel plate",
keywords = "Analog bandwidth",
keywords = "Large-area detector "
}

@inproceedings{Anghel:2013zxa,
      author         = "Anghel, Ioana",
      title          = "{Using Fast Photosensors in Water Cherenkov Neutrino
                        Detectors}",
      booktitle      = "{Meeting of the APS Division of Particles and Fields (DPF
                        2013) Santa Cruz, California, USA, August 13-17, 2013}",
      url            = "https://inspirehep.net/record/1257983/files/arXiv:1310.2654.pdf",
      year           = "2013",
      eprint         = "1310.2654",
      archivePrefix  = "arXiv",
      primaryClass   = "physics.ins-det",
      reportNumber   = "DPF2013-57",
      SLACcitation   = "%%CITATION = ARXIV:1310.2654;%%"
}

@article{PDG2016,
      author         = "Patrignani, C. and others",
      title          = "{Review of Particle Physics}",
      collaboration  = "Particle Data Group",
      journal        = "Chin. Phys.",
      volume         = "C40",
      year           = "2016",
      number         = "10",
      pages          = "100001",
      doi            = "10.1088/1674-1137/40/10/100001",
      SLACcitation   = "%%CITATION = CHPHD,C40,100001;%%"
}

@eprint{ASDC,
    eprinttype={arxiv}, 
    eprint = "1409.5864v3",
    archivePrefix = "arXiv",
    author = {J.R.Alonso and others},
    title = {{Advanced Scintillation Detector Concept (ASDC): A Concept Paper on the Physics Potential of Water-based Liquid Scintillator}},
    year = {2014},
    month = sep,
    url = {http://arxiv.org/abs/1409.5864v3}
}
    
@article{SKPDK2017,
      author         = "K.Abe and others",
      title          = "{Search for proton decay via $p\rightarrow e^{+}\pi^{0}$ and $p\rightarrow \mu^{+}\pi^{0}$ in 0.31 Mton$\cdot$ years exposure in the Super-Kamiokande water Cherenkov detector}",
      journal        = "Phys. Rev. D",
      volume         = "95",
      year           = "2017",
      pages          = "012004"
}

@article{MohapatraLED,
      author         = "R.N.Mohapatra and A.Perez-Lorenzana",
      title          = "{Neutrino mass, proton decay, and dark matter in TeV scale universal extra dimension models}",
      journal        = "Phys. Rev. D",
      volume         = "67",
      year           = "2003",
      pages          = "075015"
}

@article{SNOWMASS_PDK,
    eprinttype={arxiv}, 
    eprint = "1311.5285",
    archivePrefix = "arXiv",
    author = {K.S.Babu, E.Kearns and others},
    title = "{Working Group Report: Baryon Number Violation}",
    year = {2013},
    url = {http://arxiv.org/abs/1311.5285}
}



@article{Ejiri,
      author         = "H.Ejiri",
      title          = "{Nuclear deexcitations of nucleon holes associated
with nucleon decays in nuclei}",
      journal        = "Phys. Rev. C",
      volume         = "48",
      year           = "1993",
      pages          = "1442"
}

@inproceedings{Zhang2011,
      author         = "Zhang, Haibing",
      title          = "{Neutron tagging and its physics applications in Super-Kamiokande-IV}",
      booktitle      = "{32nd International Cosmic Ray Conference, Beijing 2011}",
      url            = "http://www.ihep.ac.cn/english/conference/icrc2011/paper/proc/v4/v4_0353.pdf",
      year           = "2011",
      doi             = "10.7529/ICRC2011/V04/0353"
     
}


@techreport{radev2014neutron,
  title={Neutron Sources for Standard-Based Testing},
  author={Radev, Radoslav and McLean, Thomas},
  year={2014},
  number={LLNL-TR-664160},
  institution={Lawrence Livermore National Laboratory (LLNL), Livermore, CA (United States)}
}

@inproceedings{bogdan2010custom,
  title={Custom 12-Bit, 500MHZ ADC/Data Processing Module for the KOTO Experiment at J-Parc},
  author={Bogdan, Mircea and Genat, Jean-Francois and Wah, Yau},
  booktitle={Real Time Conference (RT), 2010 17th IEEE-NPSS},
  pages={1--2},
  year={2010},
  organization={IEEE}
}


@article{INP,

	note={Accelerator Neutrino Neutron Interaction Experiment (ANNIE)”, proposal awarded through the Intermediate Neutrino Program, DE-SC0016326}


}

@article{Elagin:2016zgp,
      author         = "Elagin, Andrey and Frisch, Henry and Naranjo, Brian and
                        Ouellet, Jonathan and Winslow, Lindley and Wongjirad,
                        Taritree",
      title          = "{Separating Double-Beta Decay Events from Solar Neutrino
                        Interactions in a Kiloton-Scale Liquid Scintillator
                        Detector By Fast Timing}",
      journal        = "Nucl. Instrum. Meth.",
      volume         = "A849",
      year           = "2017",
      pages          = "102-111",
      doi            = "10.1016/j.nima.2016.12.033",
      eprint         = "1609.09865",
      archivePrefix  = "arXiv",
      primaryClass   = "physics.ins-det",
      SLACcitation   = "%%CITATION = ARXIV:1609.09865;%%"
}

@inproceedings{bogdan2016modular,
  title={A modular data acquisition system using the 10 GSa/s PSEC4 waveform recording chip},
  author={Bogdan, Mircea and Oberla, Eric and Frisch, Henry J and Wetstein, Matthew},
  booktitle={Real Time Conference (RT), 2016 IEEE-NPSS},
  pages={1--3},
  year={2016},
  organization={IEEE}
}

@article{oberla201415gsa,
  title={A 15GSa/s, 1.5 GHz bandwidth waveform digitizing ASIC},
  author={Oberla, Eric and Genat, Jean-Francois and Grabas, Herv{\'e} and Frisch, Henry and Nishimura, Kurtis and Varner, Gary},
  journal={Nuclear Instruments and Methods in Physics Research Section A: Accelerators, Spectrometers, Detectors and Associated Equipment},
  volume={735},
  pages={452--461},
  year={2014},
  publisher={Elsevier}
}

@misc{ratpac,
  title={{RAT (is an Analysis Tool) User's Guide}},
  howpublished={\url{http://rat.readthedocs.io/en/latest/}},
  note={Accessed: 2017-06-09}
}

@article{genie1,
      author         = "Andreopoulos, C. and others",
      title          = "{The GENIE Neutrino Monte Carlo Generator}",
      journal        = "Nucl. Instrum. Meth.",
      volume         = "A614",
      year           = "2010",
      pages          = "87-104",
      doi            = "10.1016/j.nima.2009.12.009",
      eprint         = "0905.2517",
      archivePrefix  = "arXiv",
      primaryClass   = "hep-ph",
      reportNumber   = "FERMILAB-PUB-09-418-CD",
      SLACcitation   = "%%CITATION = ARXIV:0905.2517;%%"
}

@article{genie2,
      author         = "Andreopoulos, Costas and Barry, Christopher and Dytman,
                        Steve and Gallagher, Hugh and Golan, Tomasz and Hatcher,
                        Robert and Perdue, Gabriel and Yarba, Julia",
      title          = "{The GENIE Neutrino Monte Carlo Generator: Physics and
                        User Manual}",
      year           = "2015",
      eprint         = "1510.05494",
      archivePrefix  = "arXiv",
      primaryClass   = "hep-ph",
      reportNumber   = "FERMILAB-FN-1004-CD",
      SLACcitation   = "%%CITATION = ARXIV:1510.05494;%%"
}

@article{K2KMA,
      author         = "Gran, R. and others",
      title          = "{Measurement of the quasi-elastic axial vector mass in
                        neutrino-oxygen interactions}",
      collaboration  = "K2K",
      journal        = "Phys. Rev.",
      volume         = "D74",
      year           = "2006",
      pages          = "052002",
      doi            = "10.1103/PhysRevD.74.052002",
      eprint         = "hep-ex/0603034",
      archivePrefix  = "arXiv",
      primaryClass   = "hep-ex",
      SLACcitation   = "%%CITATION = HEP-EX/0603034;%%"
}

@article{T2KNCQE,
  title = {Measurement of the neutrino-oxygen neutral-current interaction cross section by observing nuclear deexcitation $\ensuremath{\gamma}$ rays},
  author = "{Abe, K. \textit{et al}(T2K Collaboration)}",
  collaboration = {T2K Collaboration},
  journal = {Phys. Rev. D},
  volume = {90},
  issue = {7},
  pages = {072012},
  numpages = {11},
  year = {2014},
  month = {Oct},
  publisher = {American Physical Society},
  doi = {10.1103/PhysRevD.90.072012},
  url = {http://link.aps.org/doi/10.1103/PhysRevD.90.072012}
}

@article{Coleman:2008ng,
      author         = "Coleman, W. and Bernstein, A. and Dazeley, S. and Svoboda, R.",
      title          = "{Transparency of 0.2\% GdCl(3) Doped Water in a Stainless
                        Steel Test Environment}",
      journal        = "Nucl. Instrum. Meth.",
      volume         = "A595",
      year           = "2008",
      pages          = "339-345",
      doi            = "10.1016/j.nima.2008.06.049",
      eprint         = "0805.1499",
      archivePrefix  = "arXiv",
      primaryClass   = "physics.ins-det",
      reportNumber   = "LLNL-JRNL-403657",
      SLACcitation   = "%%CITATION = ARXIV:0805.1499;%%"
}

@article{WBLS1,
author = "Yeh, M. and others",
title  = "{A New Water-based Liquid Scintillator and Potential Applications}",
journal = "Nucl. Instrum. Meth.",
volume = "A660",
year = "2011",
pages = "51"
}

@article{BartolNeutronMonitor,
note = "Bartol neutron monitor data"
}