@BOOK{Smith:2012qr,
	title = {{B}ook {T}itle},
	publisher = {Publisher},
	author = {Smith, J.~M. and Jones, A.~B.},
	year = {2012},
	edition = {7th},
}

@ARTICLE{Smith:2013jd,
	author = {Jones, A.~B. and Smith, J.~M.},
	title = {{A}rticle {T}itle},
	journal = {{J}ournal {T}itle},
	year = {2013},
	volume = {13},
	pages = {123-456},
	number = {52},
	month = {March},
	publisher = {Publisher}
}

@article{LeeSkyshine,
	title = "Observation of the reaction +p+p",
	author = "W. Lee and others",
	year = "1976",
	doi = "10.1103/PhysRevLett.37.186",
	volume = "37",
	pages = "186--189",
	journal = "Physical Review Letters",
	issn = "0031-9007",
	publisher = "American Physical Society",
	number = "4",
}

@article{BartolNeutronMonitor,
	note = "Bartol neutron monitor data, \url{http://neutronm.bartol.udel.edu/}. Neutron monitors of the Bartol Research Institute are supported by NSF grant ATM- 0000315."

}

@article{msu-skyshine,
      author = "Mukherjee, B and Ronningen, R M and Grivins, P and Rossi, P",
      title = "{Further Evaluation of Neutron Skyshine Dose in Vicinity of the K1200 Superconducting Cyclotron of the NSCL Using Bubble Dosimeters}",
      pages	= "108--110",
      year  = "2001",
      url   = "https://cds.cern.ch/record/916284",
}

@article{Takeiskyshine,
	author	=	"H. Takei",
	title	=	"Identification of Recoil Proton Tracks for a Neutrino Neutral Current Elastic Scattering Cross-Section Measurement at SciBooNE",
    collaboration  = "SciBooNE",
	note	=	"Talk at the 2008 Meeting of the American Physical Society"
}